% Encoding: UTF-8

@Article{weisstein,
  author = {Eric W. Weisstein},
  title  = {Double Pendulum},
  url    = {https://scienceworld.wolfram.com/physics/DoublePendulum.html},
}

@Article{stroup,
  author = {Adrianne Stroup},
  title  = {The Dynamics of Pendula: An Introduction to Hamiltonian Systems and Chaos},
  year   = {2004},
  url    = {https://www.math.ucla.edu/~mason/research/exp2.pdf},
}

@Misc{danforth,
  author       = {Chris Danforth},
  title        = {Chaos, fractals, and dynamical systems},
  howpublished = {University of Vermont Math 266 Course},
  year         = {2017},
  url          = {https://www.youtube.com/channel/UCBKOMCUz9OuWJOSZ_oPZmDw/videos},
}

@Misc{angenent,
  author = {Sigurd Angenent},
  title  = {Math 519 Nondimensionalization},
  url    = {https://www.math.wisc.edu/~angenent/519.2016s/notes/non-dimensionalization.html},
}

@Article{chen,
  author  = {Joe Chen},
  title   = {Chaos from simplicity: An Introduction to the Double Pendulum},
  journal = {2008},
  url     = {https://ir.canterbury.ac.nz/bitstream/handle/10092/12659/chen_2008_report.pdf;sequence=1},
}

@Misc{weckesser,
  author = {Warren Weckesser},
  title  = {Math 312 - Applied Mathematics: Social Sciences},
  year   = {2005},
  url    = {math.colgate.edu/~wweckesser/math312Spring05/},
}

@Article{sprott,
  author = {J. C. Sprott},
  title  = {Numerical Calculation of Largest Lyapunov Exponent},
  year   = {1997},
  url    = {http://sprott.physics.wisc.edu/chaos/lyapexp.htm},
}

@Article{balcerzak,
  author = {Marek Balcerzak, Danylo Pikunov \& Artur Dabrowski},
  title  = {The fastest, simplified method of Lyapunov exponents spectrum estimation for continuous-time dynamical systems},
  year   = {2018},
  url    = {https://link.springer.com/article/10.1007/s11071-018-4544-z},
}

@Article{leonov,
  author  = {Leonov G.A., Kuznetsov N.V},
  title   = {Time-Varying Linearization and the Perron effects},
  journal = {International Journal of Bifurcation and Chaos},
  year    = {2007},
  volume  = {17},
  number  = {4},
  pages   = {1079-1107},
  doi     = {10.1142/s0218127407017732},
  url     = {www.math.spbu.ru/user/nk/PDF/2005-IEEE-Discrete-system-stability-Lyapunov-exponent.pdf},
}

@Book{hilborn,
  title     = {Chaos and Nonlinear Dynamics: An Introduction for Scientists and Engineers.},
  publisher = {Oxford University Press},
  year      = {1994},
  author    = {R. Hilborn},
  edition   = {4th edition},
}

@Book{elert,
  title  = {The Chaos Hypertextbook},
  year   = {1998},
  author = {Glenn Elert},
}

@Article{coppi,
  author = {Paolo Coppi},
  title  = {Buckingham Pi's Theorem},
  url    = {http://www.astro.yale.edu/coppi/astro520/buckingham_pi/Buckinghamforlect1.pdf},
}

@Article{rafat,
  author  = {M. Z. Rafat, M. S. Wheatland, and T. R. Bedding},
  title   = {Dynamics of a double pendulum with distributed mass},
  comment = {Preprint},
  url     = {http://www.physics.usyd.edu.au/~wheat/preprints/DynamicsDoublePendulum.pdf},
}

@Comment{jabref-meta: databaseType:bibtex;}
